%% This BibTeX bibliography file was created using BibDesk.
%% https://bibdesk.sourceforge.io/

%% Created for Vitali Kapovitch at 2022-10-21 14:05:00 -0400 


%% Saved with string encoding Unicode (UTF-8) 



@book{Brezis-book,
	author = {Br\'{e}zis, H.},
	date-added = {2022-10-21 14:04:34 -0400},
	date-modified = {2022-10-21 14:05:00 -0400},
	mrclass = {47H05},
	mrnumber = {0348562},
	mrreviewer = {Bruce Calvert},
	pages = {vi+183},
	publisher = {North-Holland Publishing Co., Amsterdam-London; American Elsevier Publishing Co., Inc., New York},
	series = {North-Holland Mathematics Studies, No. 5},
	title = {Op\'{e}rateurs maximaux monotones et semi-groupes de contractions dans les espaces de {H}ilbert},
	year = {1973}}

@article{cheeger-colding-alm-rigidity,
	author = {Cheeger, J. and Colding, T.},
	date-added = {2022-01-12 17:39:29 -0500},
	date-modified = {2022-01-12 17:39:51 -0500},
	doi = {10.2307/2118589},
	fjournal = {Annals of Mathematics. Second Series},
	issn = {0003-486X},
	journal = {Ann. of Math. (2)},
	mrclass = {53C21 (53C20 53C23)},
	mrnumber = {1405949},
	mrreviewer = {Joseph E. Borzellino},
	number = {1},
	pages = {189--237},
	title = {Lower bounds on {R}icci curvature and the almost rigidity of warped products},
	url = {https://doi-org.myaccess.library.utoronto.ca/10.2307/2118589},
	volume = {144},
	year = {1996},
	bdsk-url-1 = {https://doi-org.myaccess.library.utoronto.ca/10.2307/2118589},
	bdsk-url-2 = {https://doi.org/10.2307/2118589}}

@misc{gigli2013splitting,
	archiveprefix = {arXiv},
	author = {N. Gigli},
	date-modified = {2022-01-12 17:37:28 -0500},
	eprint = {1302.5555},
	title = {The splitting theorem in non-smooth context},
	year = {2013}}

@article{gigli-splitting-overview,
	author = {Gigli, N.},
	date-added = {2022-01-12 17:16:12 -0500},
	date-modified = {2022-01-12 17:16:32 -0500},
	doi = {10.2478/agms-2014-0006},
	fjournal = {Analysis and Geometry in Metric Spaces},
	journal = {Anal. Geom. Metr. Spaces},
	mrclass = {53C23 (53C21)},
	mrnumber = {3210895},
	mrreviewer = {Yu Ding},
	number = {1},
	pages = {169--213},
	title = {An overview of the proof of the splitting theorem in spaces with non-negative {R}icci curvature},
	url = {https://doi-org.myaccess.library.utoronto.ca/10.2478/agms-2014-0006},
	volume = {2},
	year = {2014},
	bdsk-url-1 = {https://doi-org.myaccess.library.utoronto.ca/10.2478/agms-2014-0006},
	bdsk-url-2 = {https://doi.org/10.2478/agms-2014-0006}}

@book{alexandrov-comparison,
	author = {Александров, А. Д.},
	hyphenation = {russian},
	language = {russian},
	title = {Внутренняя геометрия выпуклых поверхностей},
	year = {1948}}

@article{alexandrov:strong-angle,
	author = {Александров, А. Д.},
	hyphenation = {russian},
	journal = {Тр. МИАН СССР},
	language = {russian},
	pages = {5--23},
	title = {Одна теорема о треугольниках в метрическом пространстве и некоторые ее приложения},
	volume = {38},
	year = {1951}}

@article{alexandrov-1941,
	author = {Александров, А. Д.},
	hyphenation = {russian},
	journal = {Матем. сб.},
	language = {russian},
	number = {1-2},
	pages = {15--65},
	title = {Существование выпуклого многогранника и выпуклой поверхности с заданной метрикой},
	volume = {11(53)},
	year = {1942}}

@article{alexandrov-1941convex,
	author = {Александров, А. Д.},
	booktitle = {Докл. АН СССР},
	hyphenation = {russian},
	language = {russian},
	number = {7},
	pages = {467--470},
	title = {Внутренняя геометрия произвольной выпуклой поверхности},
	volume = {32},
	year = {1941}}

@article{alexandrov-1946,
	author = {Александров, А. Д.},
	booktitle = {Докл. АН СССР},
	hyphenation = {russian},
	language = {russian},
	number = {2},
	pages = {99--102},
	title = {О склеивании выпуклых поверхностей},
	volume = {54},
	year = {1946}}

@article{berestovskii,
	author = {Берестовский, В. Н.},
	hyphenation = {russian},
	issn = {0002-3264},
	journal = {Докл. АН СССР},
	language = {russian},
	mrclass = {51K99 (51M20 54E35)},
	mrnumber = {688238},
	mrreviewer = {H. H. Wicke},
	number = {2},
	pages = {273--277},
	title = {Задача Борсука о метризации полиэдра},
	volume = {268},
	year = {1983}}

@article{karmanova,
	author = {М.~Б.~Карманова},
	hyphenation = {russian},
	journal = {Вестн. НГУ. Сер. матем., мех., информ.},
	language = {russian},
	number = {4},
	pages = {50--69},
	title = {Метрическая теорема Радемахера и формула площади для липшицевых отображений со значениями в метрическом пространстве},
	volume = {6},
	year = {2006}}

@article{liberman,
	author = {Либерман, И. М.},
	hyphenation = {russian},
	journal = {Докл. АН СССР},
	language = {russian},
	number = {2},
	pages = {310--312},
	title = {Геодезические линии на выпуклых поверхностях},
	volume = {32},
	year = {1941}}

@article{milka-line,
	author = {Милка, А. Д.},
	hyphenation = {russian},
	journal = {Укр. геометр, сб.},
	language = {russian},
	pages = {43--48},
	title = {Метрическое строение одного класса пространств, содержащих прямые линии},
	volume = {4},
	year = {1967}}

@incollection{reshetnyak:2D,
	author = {Ю. Г. Решетняк},
	booktitle = {Геометрия~--~4},
	hyphenation = {russian},
	language = {russian},
	mrclass = {53C45 (53C20)},
	pages = {7--189},
	series = {Итоги науки и техн. Сер. Соврем. пробл. мат. Фундам. направления},
	title = {Двумерные многообразия ограниченной кривизны},
	volume = {70},
	year = {1989}}

@article{toponogov-globalization+splitting,
	author = {Топоногов, В. А.},
	hyphenation = {russian},
	journal = {Успехи математических наук},
	language = {russian},
	mrnumber = {0103510},
	number = {1 (85)},
	pages = {87--130},
	title = {Римановы пространства кривизны, ограниченной снизу},
	volume = {14},
	year = {1959}}

@article{sharafutdinov,
	author = {Шарафутдинов, В. А.},
	hyphenation = {russian},
	journal = {Сибирский математический журнал},
	language = {russian},
	number = {4},
	pages = {915--925},
	title = {Теорема Погорелова --- Клингенберга для многообразий, гомеоморфных $\mathbb{R}^n$},
	volume = {18},
	year = {1977}}

@article{shefel-3D,
	author = {Шефель, С. З.},
	hyphenation = {russian},
	journal = {Сибирский математический журнал},
	language = {russian},
	number = {6},
	pages = {1382--1396},
	title = {О внутренней геометрии седловых поверхностей},
	volume = {5},
	year = {1964}}

@book{ambrosio-gigli-savare,
	author = {Ambrosio, L. and Gigli, N. and Savar\'{e}, G.},
	edition = {Second},
	isbn = {978-3-7643-8721-1},
	mrclass = {49-02 (28A33 35K55 35K90 49Q20 60B05)},
	mrnumber = {2401600},
	mrreviewer = {Pietro Celada},
	series = {Lectures in Mathematics ETH Z\"{u}rich},
	title = {Gradient flows in metric spaces and in the space of probability measures},
	year = {2008}}

@incollection{berestovskii-nikolaev,
	author = {Berestovskij, V. N. and Nikolaev, I. G.},
	booktitle = {Geometry, {IV}},
	doi = {10.1007/978-3-662-02897-1_2},
	mrclass = {53C20},
	mrnumber = {1263965},
	pages = {165--243, 245--250},
	series = {Encyclopaedia Math. Sci.},
	title = {Multidimensional generalized {R}iemannian spaces},
	url = {https://doi.org/10.1007/978-3-662-02897-1_2},
	volume = {70},
	year = {1993},
	bdsk-url-1 = {https://doi.org/10.1007/978-3-662-02897-1_2}}

@article{burago-ferleger-kononenko1998-1,
	author = {Burago, D. and Ferleger, S. and Kononenko, A.},
	doi = {10.1017/S014338579811564X},
	fjournal = {Ergodic Theory and Dynamical Systems},
	issn = {0143-3857},
	journal = {Ergodic Theory Dynam. Systems},
	mrclass = {58F11 (58F20)},
	mrnumber = {1619558},
	mrreviewer = {Nikolai Chernov},
	number = {2},
	pages = {303--319},
	title = {A geometric approach to semi-dispersing billiards},
	url = {https://doi.org/10.1017/S014338579811564X},
	volume = {18},
	year = {1998},
	bdsk-url-1 = {https://doi.org/10.1017/S014338579811564X}}

@article{burago-ferleger-kononenko1998-2,
	author = {Burago, D. and Ferleger, S. and Kononenko, A.},
	doi = {10.2307/120962},
	fjournal = {Annals of Mathematics. Second Series},
	issn = {0003-486X},
	journal = {Ann. of Math. (2)},
	mrclass = {58F11 (58F99 70F10 70F35)},
	mrnumber = {1637663},
	mrreviewer = {Nikolai Chernov},
	number = {3},
	pages = {695--708},
	title = {Uniform estimates on the number of collisions in semi-dispersing billiards},
	url = {https://doi.org/10.2307/120962},
	volume = {147},
	year = {1998},
	bdsk-url-1 = {https://doi.org/10.2307/120962}}

@article{burago-ferleger-kononenko1998-3,
	author = {Burago, D. and Ferleger, S. and Kononenko, A.},
	doi = {10.1017/S0143385798108246},
	fjournal = {Ergodic Theory and Dynamical Systems},
	issn = {0143-3857},
	journal = {Ergodic Theory Dynam. Systems},
	mrclass = {58F17 (58F22)},
	mrnumber = {1645377},
	mrreviewer = {Valery Covachev},
	number = {4},
	pages = {791--805},
	title = {Topological entropy of semi-dispersing billiards},
	url = {https://doi.org/10.1017/S0143385798108246},
	volume = {18},
	year = {1998},
	bdsk-url-1 = {https://doi.org/10.1017/S0143385798108246}}

@article{burago-ferleger-kononenko1998-4,
	author = {Burago, D. and Ferleger, S. and Kononenko, A.},
	doi = {10.4310/AJM.1998.v2.n1.a4},
	fjournal = {Asian Journal of Mathematics},
	issn = {1093-6106},
	journal = {Asian J. Math.},
	mrclass = {37D50},
	mrnumber = {1656555},
	mrreviewer = {Valery Covachev},
	number = {1},
	pages = {141--152},
	title = {Unfoldings and global bounds on the number of collisions for generalized semi-dispersing billiards},
	url = {https://doi.org/10.4310/AJM.1998.v2.n1.a4},
	volume = {2},
	year = {1998},
	bdsk-url-1 = {https://doi.org/10.4310/AJM.1998.v2.n1.a4}}

@incollection{burago-ferleger-kononenko2000,
	author = {Burago, D. and Ferleger, S. and Kononenko, A.},
	booktitle = {Hard ball systems and the {L}orentz gas},
	doi = {10.1007/978-3-662-04062-1_2},
	mrclass = {37D50 (82B05)},
	mrnumber = {1805324},
	mrreviewer = {Roberto Markarian},
	pages = {9--27},
	series = {Encyclopaedia Math. Sci.},
	title = {A geometric approach to semi-dispersing billiards},
	url = {https://doi.org/10.1007/978-3-662-04062-1_2},
	volume = {101},
	year = {2000},
	bdsk-url-1 = {https://doi.org/10.1007/978-3-662-04062-1_2}}

@article{burago-ferleger-kononenko2001,
	author = {Burago, D. and Ferleger, S. and Kleiner, B. and Kononenko, A.},
	doi = {10.1090/S0002-9939-01-05554-X},
	fjournal = {Proceedings of the American Mathematical Society},
	issn = {0002-9939},
	journal = {Proc. Amer. Math. Soc.},
	mrclass = {57M50 (53C20 57N10)},
	mrnumber = {1707510},
	mrreviewer = {Igor Belegradek},
	number = {5},
	pages = {1493--1498},
	title = {Gluing copies of a {$3$}-dimensional polyhedron to obtain a closed nonpositively curved pseudomanifold},
	url = {https://doi.org/10.1090/S0002-9939-01-05554-X},
	volume = {129},
	year = {2001},
	bdsk-url-1 = {https://doi.org/10.1090/S0002-9939-01-05554-X}}

@article{cohn-vossen_line,
	author = {Cohn-Vossen, S.},
	hyphenation = {german},
	journal = {Mat. Sb.},
	language = {german},
	number = {2},
	title = {Totalkr{\"u}mmung und geod{\"a}tische Linien auf einfachzusammenh{\"a}ngenden offenen vollst{\"a}ndigen Fl{\"a}chenst{\"u}cken},
	volume = {1(43)},
	year = {1936}}

@article{mangoldt,
	author = {von Mangoldt, H.},
	doi = {10.1515/crll.1881.91.23},
	fjournal = {Journal f\"{u}r die Reine und Angewandte Mathematik. [Crelle's Journal]},
	hyphenation = {german},
	issn = {0075-4102},
	journal = {J. Reine Angew. Math.},
	language = {german},
	mrclass = {DML},
	mrnumber = {1579879},
	pages = {23--53},
	title = {Ueber diejenigen {P}unkte auf positiv gekr\"{u}mmten {F}l\"{a}chen, welche die {E}igenschaft haben, dass die von ihnen ausgehenden geod\"{a}tischen {L}inien nie aufh\"{o}ren, k\"{u}rzeste {L}inien zu sein},
	url = {https://doi.org/10.1515/crll.1881.91.23},
	volume = {91},
	year = {1881},
	bdsk-url-1 = {https://doi.org/10.1515/crll.1881.91.23}}

@article{wald,
	author = {Wald, A.},
	hyphenation = {german},
	journal = {Ergebnisse eines mathematischen Kolloquium},
	language = {german},
	pages = {24--46},
	title = {Begr\"undung eiiner Koordinatenlosen Differentialgeometrie der Fl\"achen},
	volume = {6},
	year = {1935}}

@book{cartan,
	author = {Cartan, \'{E}.},
	mrclass = {53.0X},
	mrnumber = {0020842},
	mrreviewer = {S. Bochner},
	title = {Le\c{c}ons sur la {G}\'{e}om\'{e}trie des {E}spaces de {R}iemann},
	year = {1928}}

@book{cheeger-finiteness,
	author = {Cheeger, J.},
	mrclass = {Thesis},
	mrnumber = {2616706},
	note = {Thesis (Ph.D.)--Princeton University},
	title = {Comparison and finiteness theorems for riemannian manifolds},
	url = {http://gateway.proquest.com/openurl?url_ver=Z39.88-2004&rft_val_fmt=info:ofi/fmt:kev:mtx:dissertation&res_dat=xri:pqdiss&rft_dat=xri:pqdiss:6802465},
	year = {1967},
	bdsk-url-1 = {http://gateway.proquest.com/openurl?url_ver=Z39.88-2004&rft_val_fmt=info:ofi/fmt:kev:mtx:dissertation&res_dat=xri:pqdiss&rft_dat=xri:pqdiss:6802465}}

@article{daniilidis-ley-sabourau,
	author = {Daniilidis, A. and Ley, O. and Sabourau, S.},
	doi = {10.1016/j.matpur.2010.03.007},
	fjournal = {Journal de Math\'{e}matiques Pures et Appliqu\'{e}es. Neuvi\`eme S\'{e}rie},
	issn = {0021-7824},
	journal = {J. Math. Pures Appl. (9)},
	mrclass = {49J53 (34D20 37B35 37C10 37N40 52A10)},
	mrnumber = {2665417},
	mrreviewer = {Marian Mure\c{s}an},
	number = {2},
	pages = {183--199},
	title = {Asymptotic behaviour of self-contracted planar curves and gradient orbits of convex functions},
	url = {https://doi.org/10.1016/j.matpur.2010.03.007},
	volume = {94},
	year = {2010},
	bdsk-url-1 = {https://doi.org/10.1016/j.matpur.2010.03.007}}

@article{hadamard,
	author = {Hadamard, J.},
	fjournal = {Bulletin de la Soci\'{e}t\'{e} Math\'{e}matique de France},
	issn = {0037-9484},
	journal = {Bull. Soc. Math. France},
	mrclass = {DML},
	mrnumber = {1504321},
	pages = {195--216},
	title = {Sur la forme des lignes g\'{e}od\'{e}siques \`a l'infini et sur les g\'{e}od\'{e}siques des surfaces r\'{e}gl\'{e}es du second ordre},
	url = {http://www.numdam.org/item?id=BSMF_1898__26__195_0},
	volume = {26},
	year = {1898},
	bdsk-url-1 = {http://www.numdam.org/item?id=BSMF_1898__26__195_0}}

@article{hu-kirk,
	author = {Hu, T. and Kirk, W. A.},
	doi = {10.2307/2040922},
	fjournal = {Proceedings of the American Mathematical Society},
	issn = {0002-9939},
	journal = {Proc. Amer. Math. Soc.},
	mrclass = {54E40 (54H25)},
	mrnumber = {464180},
	mrreviewer = {Harold Bell},
	number = {1},
	pages = {121--124},
	title = {Local contractions in metric spaces},
	url = {https://doi.org/10.2307/2040922},
	volume = {68},
	year = {1978},
	bdsk-url-1 = {https://doi.org/10.2307/2040922}}

@book{burago-burago-ivanov,
	author = {Burago, D. and Burago, Y. and Ivanov, S.},
	doi = {10.1090/gsm/033},
	isbn = {0-8218-2129-6},
	mrclass = {53C23},
	mrnumber = {1835418},
	mrreviewer = {Mario Bonk},
	series = {Graduate Studies in Mathematics},
	title = {A course in metric geometry},
	url = {https://doi.org/10.1090/gsm/033},
	volume = {33},
	year = {2001},
	bdsk-url-1 = {https://doi.org/10.1090/gsm/033}}

@article{alexander-bishop:fm,
	author = {Alexander, S. and Bishop, R.},
	doi = {10.1090/S0002-9939-98-04423-2},
	fjournal = {Proceedings of the American Mathematical Society},
	issn = {0002-9939},
	journal = {Proc. Amer. Math. Soc.},
	mrclass = {53C22 (53C40 57M25)},
	mrnumber = {1459103},
	mrreviewer = {Wolfgang K\"{u}hnel},
	number = {11},
	pages = {3427--3436},
	title = {The {F}ary-{M}ilnor theorem in {H}adamard manifolds},
	url = {https://doi.org/10.1090/S0002-9939-98-04423-2},
	volume = {126},
	year = {1998},
	bdsk-url-1 = {https://doi.org/10.1090/S0002-9939-98-04423-2}}

@article{alexander-bishop:cbc,
	author = {Alexander, S. and Bishop, R.},
	doi = {10.1016/0926-2245(96)00008-3},
	fjournal = {Differential Geometry and its Applications},
	issn = {0926-2245},
	journal = {Differential Geom. Appl.},
	mrclass = {53C21 (53C22)},
	mrnumber = {1384880},
	mrreviewer = {Zhongmin Shen},
	number = {1},
	pages = {67--86},
	title = {Comparison theorems for curves of bounded geodesic curvature in metric spaces of curvature bounded above},
	url = {https://doi.org/10.1016/0926-2245(96)00008-3},
	volume = {6},
	year = {1996},
	bdsk-url-1 = {https://doi.org/10.1016/0926-2245(96)00008-3}}

@article{alexander-bishop:h-c,
	author = {Alexander, S. and Bishop, R.},
	fjournal = {L'Enseignement Math\'{e}matique. Revue Internationale. 2e S\'{e}rie},
	issn = {0013-8584},
	journal = {Enseign. Math. (2)},
	mrclass = {53C70 (53C22)},
	mrnumber = {1096422},
	mrreviewer = {Werner Ballmann},
	number = {3-4},
	pages = {309--320},
	title = {The {H}adamard--{C}artan theorem in locally convex metric spaces},
	volume = {36},
	year = {1990}}

@article{alexander-bishop:warps,
	author = {Alexander, S. and Bishop, R.},
	doi = {10.1007/s00039-004-0487-2},
	fjournal = {Geometric and Functional Analysis},
	issn = {1016-443X},
	journal = {Geom. Funct. Anal.},
	mrclass = {53C23},
	mrnumber = {2135163},
	mrreviewer = {Mario Bonk},
	number = {6},
	pages = {1143--1181},
	title = {Curvature bounds for warped products of metric spaces},
	url = {https://doi.org/10.1007/s00039-004-0487-2},
	volume = {14},
	year = {2004},
	bdsk-url-1 = {https://doi.org/10.1007/s00039-004-0487-2}}

@article{alexander-bishop:warp1,
	author = {Alexander, S. and Bishop, R.},
	doi = {10.1016/j.aim.2016.07.005},
	fjournal = {Advances in Mathematics},
	issn = {0001-8708},
	journal = {Adv. Math.},
	mrclass = {53C20 (53C23)},
	mrnumber = {3552521},
	mrreviewer = {Fernando Galaz-Garc\'{i}a},
	pages = {88--122},
	title = {Warped products admitting a curvature bound},
	url = {https://doi.org/10.1016/j.aim.2016.07.005},
	volume = {303},
	year = {2016},
	bdsk-url-1 = {https://doi.org/10.1016/j.aim.2016.07.005}}

@book{alexander-kapovitch-petrunin-CAT,
	author = {S. Alexander and V. Kapovitch and A. Petrunin},
	doi = {10.1007/978-3-030-05312-3},
	isbn = {978-3-030-05311-6; 978-3-030-05312-3},
	mrclass = {53C23 (51F99 53C20 53C45 53C70)},
	mrnumber = {3930625},
	series = {SpringerBriefs in Mathematics},
	title = {An invitation to Alexandrov geometry: CAT(0) spaces},
	url = {https://doi.org/10.1007/978-3-030-05312-3},
	year = {2019},
	bdsk-url-1 = {https://doi.org/10.1007/978-3-030-05312-3}}

@inproceedings{alexander-kapovitch-kirszbraun,
	author = {Alexander, S. and Kapovitch, V. and Petrunin, A.},
	booktitle = {Proceedings of the {G}\"{o}kova {G}eometry-{T}opology {C}onference 2010},
	mrclass = {53C23},
	mrnumber = {2931882},
	mrreviewer = {Koichi Nagano},
	pages = {88--109},
	title = {Alexandrov meets {K}irszbraun},
	year = {2011}}

@article{alexander-kapovitch-petrunin-buyalo,
	author = {Alexander, S. and Kapovitch, V. and Petrunin, A.},
	fjournal = {Illinois Journal of Mathematics},
	issn = {0019-2082},
	journal = {Illinois J. Math.},
	mrclass = {53C20 (53C23)},
	mrnumber = {2546022},
	mrreviewer = {Koichi Nagano},
	number = {3},
	pages = {1031--1033},
	title = {An optimal lower curvature bound for convex hypersurfaces in {R}iemannian manifolds},
	url = {http://projecteuclid.org/euclid.ijm/1254403729},
	volume = {52},
	year = {2008},
	bdsk-url-1 = {http://projecteuclid.org/euclid.ijm/1254403729}}

@article{alexandrov:def,
	author = {Alexandroff, A.},
	journal = {C. R. (Doklady) Acad. Sci. URSS (N.S.)},
	mrclass = {53.0X},
	mrnumber = {0009146},
	mrreviewer = {A. B. Brown},
	pages = {467--470},
	title = {The inner geometry of an arbitrary convex surface},
	volume = {32},
	year = {1941}}

@article{alexandrov:devel,
	author = {Alexandrow, A. D.},
	journal = {Schr. Forschungsinst. Math.},
	mrclass = {50.0X},
	mrnumber = {0087119},
	mrreviewer = {H. Busemann},
	pages = {33--84},
	title = {\"{U}ber eine {V}erallgemeinerung der {R}iemannschen {G}eometrie},
	volume = {1},
	year = {1957}}

@book{ballmann:lectures,
	author = {Ballmann, W.},
	doi = {10.1007/978-3-0348-9240-7},
	isbn = {3-7643-5242-6},
	mrclass = {53C21 (58F17)},
	mrnumber = {1377265},
	mrreviewer = {Boris Hasselblatt},
	note = {With an appendix by Misha Brin},
	series = {DMV Seminar},
	title = {Lectures on spaces of nonpositive curvature},
	url = {https://doi.org/10.1007/978-3-0348-9240-7},
	volume = {25},
	year = {1995},
	bdsk-url-1 = {https://doi.org/10.1007/978-3-0348-9240-7}}

@online{ballmann:notes,
	author = {Ballmann, W.},
	organization = {MPIM},
	title = {On the geometry of metric spaces},
	url = {https://people.mpim-bonn.mpg.de/hwbllmnn/archiv/sin40827.pdf},
	year = {2004},
	bdsk-url-1 = {https://people.mpim-bonn.mpg.de/hwbllmnn/archiv/sin40827.pdf}}

@incollection{ballmann:cartan-hadamard,
	author = {Ballmann, W.},
	booktitle = {Sur les groupes hyperboliques d'apr\`es {M}ikhael {G}romov ({B}ern, 1988)},
	doi = {10.1007/978-1-4684-9167-8_10},
	mrclass = {53C23 (53C22)},
	mrnumber = {1086658},
	pages = {189--201},
	series = {Progr. Math.},
	title = {Singular spaces of nonpositive curvature},
	url = {https://doi.org/10.1007/978-1-4684-9167-8_10},
	volume = {83},
	year = {1990},
	bdsk-url-1 = {https://doi.org/10.1007/978-1-4684-9167-8_10}}

@article{berg-nikolaev,
	author = {Berg, I. D. and Nikolaev, I. G.},
	doi = {10.1007/s10711-008-9243-3},
	fjournal = {Geometriae Dedicata},
	issn = {0046-5755},
	journal = {Geom. Dedicata},
	mrclass = {53C45 (51K10)},
	mrnumber = {2390077},
	mrreviewer = {Koichi Nagano},
	pages = {195--218},
	title = {Quasilinearization and curvature of {A}leksandrov spaces},
	url = {https://doi.org/10.1007/s10711-008-9243-3},
	volume = {133},
	year = {2008},
	bdsk-url-1 = {https://doi.org/10.1007/s10711-008-9243-3}}

@article{besicovitch-moran,
	author = {Besicovitch, A. S. and Moran, P. A. P.},
	doi = {10.1112/jlms/s1-20.2.110},
	fjournal = {Journal of the London Mathematical Society. Second Series},
	issn = {0024-6107},
	journal = {J. London Math. Soc.},
	mrclass = {27.2X},
	mrnumber = {0016448},
	mrreviewer = {H. Federer},
	pages = {110--120},
	title = {The measure of product and cylinder sets},
	url = {https://doi.org/10.1112/jlms/s1-20.2.110},
	volume = {20},
	year = {1945},
	bdsk-url-1 = {https://doi.org/10.1112/jlms/s1-20.2.110}}

@article{billera-holmes-vogtmann,
	author = {Billera, L. and Holmes, S. and Vogtmann, K.},
	doi = {10.1006/aama.2001.0759},
	fjournal = {Advances in Applied Mathematics},
	issn = {0196-8858},
	journal = {Adv. in Appl. Math.},
	mrclass = {05C90 (92B10)},
	mrnumber = {1867931},
	mrreviewer = {Charles A. Semple},
	number = {4},
	pages = {733--767},
	title = {Geometry of the space of phylogenetic trees},
	url = {https://doi.org/10.1006/aama.2001.0759},
	volume = {27},
	year = {2001},
	bdsk-url-1 = {https://doi.org/10.1006/aama.2001.0759}}

@incollection{bowditch,
	author = {Bowditch, B. H.},
	booktitle = {Geometric group theory ({C}olumbus, {OH}, 1992)},
	mrclass = {53C21 (53C20 57M99)},
	mrnumber = {1355101},
	pages = {1--48},
	series = {Ohio State Univ. Math. Res. Inst. Publ.},
	title = {Notes on locally {${\rm CAT}(1)$} spaces},
	volume = {3},
	year = {1995}}

@book{blaschke,
	author = {Blaschke, W.},
	title = {Kreis und {K}ugel},
	year = {1916}}

@article{bowditch-2020,
	author = {Bowditch, B.},
	doi = {10.1017/s0305004118000555},
	fjournal = {Mathematical Proceedings of the Cambridge Philosophical Society},
	issn = {0305-0041},
	journal = {Math. Proc. Cambridge Philos. Soc.},
	mrclass = {54E35},
	mrnumber = {4043820},
	number = {1},
	pages = {43--55},
	title = {Median and injective metric spaces},
	url = {https://doi.org/10.1017/s0305004118000555},
	volume = {168},
	year = {2020},
	bdsk-url-1 = {https://doi.org/10.1017/s0305004118000555}}

@book{bridson-haefliger,
	author = {Bridson, M. and Haefliger, A.},
	doi = {10.1007/978-3-662-12494-9},
	isbn = {3-540-64324-9},
	mrclass = {53C23 (20F65 53C70 57M07)},
	mrnumber = {1744486},
	mrreviewer = {Athanase Papadopoulos},
	series = {Grundlehren der Mathematischen Wissenschaften [Fundamental Principles of Mathematical Sciences]},
	title = {Metric spaces of non-positive curvature},
	url = {https://doi.org/10.1007/978-3-662-12494-9},
	volume = {319},
	year = {1999},
	bdsk-url-1 = {https://doi.org/10.1007/978-3-662-12494-9}}

@book{busemann,
	author = {Busemann, H.},
	series = {Tracts in Pure and Appl. Math. 6},
	title = {Convex Surfaces},
	year = {1958}}

@article{burago-gromov-perelman,
	author = {Burago, Yu. and Gromov, M. and Perelman, G.},
	doi = {10.1070/RM1992v047n02ABEH000877},
	issn = {0042-1316},
	journal = {Russian Math. Surveys},
	mrclass = {53C21 (53C23)},
	mrnumber = {1185284},
	mrreviewer = {Tadeusz Januszkiewicz},
	number = {2},
	pages = {1--58},
	title = {A. {D}. {A}leksandrov spaces with curvatures bounded below},
	url = {https://doi.org/10.1070/RM1992v047n02ABEH000877},
	volume = {47},
	year = {1992},
	bdsk-url-1 = {https://doi.org/10.1070/RM1992v047n02ABEH000877}}

@inproceedings{burago-1998,
	author = {Burago, D.},
	booktitle = {Proceedings of the {I}nternational {C}ongress of {M}athematicians, {V}ol. {II} ({B}erlin, 1998)},
	fjournal = {Documenta Mathematica},
	issn = {1431-0635},
	journal = {Doc. Math.},
	mrclass = {53C23 (58F17)},
	mrnumber = {1648079},
	mrreviewer = {Anton Petrunin},
	number = {Extra Vol. II},
	pages = {289--298},
	title = {Hard balls gas and {A}lexandrov spaces of curvature bounded above},
	year = {1998}}

@article{busemann-CBA,
	author = {Busemann, H.},
	doi = {10.1007/BF02393651},
	fjournal = {Acta Mathematica},
	issn = {0001-5962},
	journal = {Acta Math.},
	mrclass = {53.0X},
	mrnumber = {0029531},
	mrreviewer = {J. J. Stoker},
	pages = {259--310},
	title = {Spaces with non-positive curvature},
	url = {https://doi.org/10.1007/BF02393651},
	volume = {80},
	year = {1948},
	bdsk-url-1 = {https://doi.org/10.1007/BF02393651}}

@article{buyalo,
	author = {Bujalo, S. V.},
	fjournal = {Zapiski Nau\v{c}nyh Seminarov Leningradskogo Otdelenija Matemati\v{c}eskogo Instituta im. V. A. Steklova Akademii Nauk SSSR (LOMI)},
	journal = {Zap. Nau\v{c}n. Sem. Leningrad. Otdel. Mat. Inst. Steklov. (LOMI)},
	mrclass = {53C45},
	mrnumber = {0643664},
	note = {Studies in topology, II},
	pages = {114--132, 207},
	title = {Shortest paths on convex hypersurfaces of a {R}iemannian space},
	volume = {66},
	year = {1976}}

@article{cheeger-gromoll-split,
	author = {Cheeger, J. and Gromoll, D.},
	fjournal = {Journal of Differential Geometry},
	issn = {0022-040X},
	journal = {J. Differential Geometry},
	mrclass = {53C20},
	mrnumber = {0303460},
	mrreviewer = {J. R. Vanstone},
	pages = {119--128},
	title = {The splitting theorem for manifolds of nonnegative {R}icci curvature},
	url = {http://projecteuclid.org/euclid.jdg/1214430220},
	volume = {6},
	year = {1971/72},
	bdsk-url-1 = {http://projecteuclid.org/euclid.jdg/1214430220}}

@article{davis:aspherical,
	author = {Davis, M.},
	doi = {10.2307/2007079},
	fjournal = {Annals of Mathematics. Second Series},
	issn = {0003-486X},
	journal = {Ann. of Math. (2)},
	mrclass = {57S30 (20F38 51F15)},
	mrnumber = {690848},
	mrreviewer = {Boris N. Apanasov},
	number = {2},
	pages = {293--324},
	title = {Groups generated by reflections and aspherical manifolds not covered by {E}uclidean space},
	url = {https://doi.org/10.2307/2007079},
	volume = {117},
	year = {1983},
	bdsk-url-1 = {https://doi.org/10.2307/2007079}}

@incollection{davis:exotic,
	author = {Davis, M.},
	booktitle = {Topology of high-dimensional manifolds, {N}o. 1, 2 ({T}rieste, 2001)},
	mrclass = {57P99 (57Q99 57R55)},
	mrnumber = {1937019},
	pages = {371--404},
	series = {ICTP Lect. Notes},
	title = {Exotic aspherical manifolds},
	volume = {9},
	year = {2002}}

@article{dyubina-polterovich,
	author = {Dyubina, A. and Polterovich, I.},
	doi = {10.1112/S002460930100844X},
	fjournal = {The Bulletin of the London Mathematical Society},
	issn = {0024-6093},
	journal = {Bull. London Math. Soc.},
	mrclass = {57M07 (20F67 53C23 54F50)},
	mrnumber = {1853785},
	number = {6},
	pages = {727--734},
	title = {Explicit constructions of universal {$\mathbb{R}$}-trees and asymptotic geometry of hyperbolic spaces},
	url = {https://doi.org/10.1112/S002460930100844X},
	volume = {33},
	year = {2001},
	bdsk-url-1 = {https://doi.org/10.1112/S002460930100844X}}

@article{charney-davis-1993,
	author = {Charney, R. and Davis, M.},
	doi = {10.2307/2375063},
	fjournal = {American Journal of Mathematics},
	issn = {0002-9327},
	journal = {Amer. J. Math.},
	mrclass = {53C23 (57M12)},
	mrnumber = {1246182},
	mrreviewer = {Athanase Papadopoulos},
	number = {5},
	pages = {929--1009},
	title = {Singular metrics of nonpositive curvature on branched covers of {R}iemannian manifolds},
	url = {https://doi.org/10.2307/2375063},
	volume = {115},
	year = {1993},
	bdsk-url-1 = {https://doi.org/10.2307/2375063}}

@article{charney-davis-1995,
	author = {Charney, R. and Davis, M.},
	doi = {10.1016/0040-9383(94)00027-I},
	fjournal = {Topology. An International Journal of Mathematics},
	issn = {0040-9383},
	journal = {Topology},
	mrclass = {57Q05 (53C23)},
	mrnumber = {1318879},
	mrreviewer = {Colin C. Adams},
	number = {2},
	pages = {329--350},
	title = {Strict hyperbolization},
	url = {https://doi.org/10.1016/0040-9383(94)00027-I},
	volume = {34},
	year = {1995},
	bdsk-url-1 = {https://doi.org/10.1016/0040-9383(94)00027-I}}

@incollection{davis-2001,
	author = {Davis, M.},
	booktitle = {Topology of high-dimensional manifolds, {N}o. 1, 2 ({T}rieste, 2001)},
	mrclass = {57P99 (57Q99 57R55)},
	mrnumber = {1937019},
	pages = {371--404},
	series = {ICTP Lect. Notes},
	title = {Exotic aspherical manifolds},
	volume = {9},
	year = {2002}}

@article{edwards,
	author = {Edwards, D.},
	booktitle = {Studies in topology ({P}roc. {C}onf., {U}niv. {N}orth {C}arolina, {C}harlotte, {N}. {C}., 1974; dedicated to {M}ath. {S}ect. {P}olish {A}cad. {S}ci.)},
	mrclass = {83.58},
	mrnumber = {0401069},
	mrreviewer = {Nicholas M. J. Woodhouse},
	pages = {121--133},
	title = {The structure of superspace},
	year = {1975}}

@book{engelking,
	author = {Engelking, R.},
	isbn = {0-444-85176-3},
	mrclass = {54FXX},
	mrnumber = {0482697},
	mrreviewer = {Teodor Przymusinski},
	title = {Dimension theory},
	year = {1978}}

@article{eshenburg-split,
	author = {Eschenburg, J.-H.},
	fjournal = {Journal of Differential Geometry},
	issn = {0022-040X},
	journal = {J. Differential Geom.},
	mrclass = {53C50},
	mrnumber = {940115},
	mrreviewer = {Paul E. Ehrlich},
	number = {3},
	pages = {477--491},
	title = {The splitting theorem for space-times with strong energy condition},
	url = {http://projecteuclid.org/euclid.jdg/1214442005},
	volume = {27},
	year = {1988},
	bdsk-url-1 = {http://projecteuclid.org/euclid.jdg/1214442005}}

@article{schroeder-foetch,
	author = {Foertsch, T. and Schroeder, V.},
	doi = {10.1515/advg.2002.002},
	fjournal = {Advances in Geometry},
	issn = {1615-715X},
	journal = {Adv. Geom.},
	mrclass = {53C23 (53C21)},
	mrnumber = {1895343},
	mrreviewer = {Joseph E. Borzellino},
	number = {2},
	pages = {123--131},
	title = {Minkowski versus {E}uclidean rank for products of metric spaces},
	url = {https://doi.org/10.1515/advg.2002.002},
	volume = {2},
	year = {2002},
	bdsk-url-1 = {https://doi.org/10.1515/advg.2002.002}}

@article{ferreira-valencia,
	author = {Ferreira, L. and Valencia-Guevara, J. C.},
	doi = {10.1007/s00605-017-1037-y},
	fjournal = {Monatshefte f\"{u}r Mathematik},
	issn = {0026-9255},
	journal = {Monatsh. Math.},
	mrclass = {35R20 (28A33 34G20 35K15 35Qxx 49J40 49Q20 58Exx)},
	mrnumber = {3748335},
	number = {2},
	pages = {231--268},
	title = {Gradient flows of time-dependent functionals in metric spaces and applications to {PDE}s},
	url = {https://doi.org/10.1007/s00605-017-1037-y},
	volume = {185},
	year = {2018},
	bdsk-url-1 = {https://doi.org/10.1007/s00605-017-1037-y}}

@book{federer,
	author = {Federer, H.},
	mrclass = {28.80 (26.00)},
	mrnumber = {0257325},
	mrreviewer = {J. E. Brothers},
	series = {Die Grundlehren der mathematischen Wissenschaften, Band 153},
	title = {Geometric measure theory},
	year = {1969}}

@article{frolik,
	author = {Frol{\'\i}k, Z.},
	fjournal = {Czechoslovak Mathematical Journal},
	issn = {0011-4642},
	journal = {Czechoslovak Math. J},
	mrclass = {54.00},
	mrnumber = {0116303},
	mrreviewer = {Ky Fan},
	pages = {168--180},
	title = {Concerning topological convergence of sets},
	volume = {10(85)},
	year = {1960}}

@book{goffman,
	author = {Goffman, C.},
	mrclass = {27.2X},
	mrnumber = {0054006},
	mrreviewer = {Chr. Pauc},
	title = {Real functions},
	year = {1953}}

@article{greene-wu,
	author = {Greene, R. E. and Wu, H.},
	doi = {10.1512/iumj.1973.22.22052},
	fjournal = {Indiana University Mathematics Journal},
	issn = {0022-2518},
	journal = {Indiana Univ. Math. J.},
	mrclass = {32F05},
	mrnumber = {0422686},
	mrreviewer = {W. J. Firey},
	pages = {641--653},
	title = {On the subharmonicity and plurisubharmonicity of geodesically convex functions},
	url = {https://doi.org/10.1512/iumj.1973.22.22052},
	volume = {22},
	year = {1972/73},
	bdsk-url-1 = {https://doi.org/10.1512/iumj.1973.22.22052}}

@article{gromov:almost-flat,
	author = {Gromov, M.},
	fjournal = {Journal of Differential Geometry},
	issn = {0022-040X},
	journal = {J. Differential Geom.},
	mrclass = {53C20 (22E40)},
	mrnumber = {540942},
	mrreviewer = {Midori Goto},
	number = {2},
	pages = {231--241},
	title = {Almost flat manifolds},
	url = {http://projecteuclid.org/euclid.jdg/1214434488},
	volume = {13},
	year = {1978},
	bdsk-url-1 = {http://projecteuclid.org/euclid.jdg/1214434488}}

@book{gromov-precompactness,
	author = {Gromov, M.},
	isbn = {2-7124-0714-8},
	mrclass = {53C20 (53-02)},
	mrnumber = {682063},
	note = {Edited by J. Lafontaine and P. Pansu},
	series = {Textes Math\'{e}matiques [Mathematical Texts]},
	title = {Structures m\'{e}triques pour les vari\'{e}t\'{e}s riemanniennes},
	volume = {1},
	year = {1981}}

@article{gromov:betti,
	author = {Gromov, M.},
	doi = {10.1007/BF02566208},
	fjournal = {Commentarii Mathematici Helvetici},
	issn = {0010-2571},
	journal = {Comment. Math. Helv.},
	mrclass = {53C20 (57R15)},
	mrnumber = {630949},
	mrreviewer = {Karsten Grove},
	number = {2},
	pages = {179--195},
	title = {Curvature, diameter and {B}etti numbers},
	url = {https://doi.org/10.1007/BF02566208},
	volume = {56},
	year = {1981},
	bdsk-url-1 = {https://doi.org/10.1007/BF02566208}}

@incollection{gromov:hyp-groups,
	author = {Gromov, M.},
	booktitle = {Essays in group theory},
	doi = {10.1007/978-1-4613-9586-7_3},
	mrclass = {20F32 (20F06 20F10 22E40 53C20 57R75 58F17)},
	mrnumber = {919829},
	mrreviewer = {Christopher W. Stark},
	pages = {75--263},
	series = {Math. Sci. Res. Inst. Publ.},
	title = {Hyperbolic groups},
	url = {https://doi.org/10.1007/978-1-4613-9586-7_3},
	volume = {8},
	year = {1987},
	bdsk-url-1 = {https://doi.org/10.1007/978-1-4613-9586-7_3}}

@incollection{gromov:asymt-inv,
	author = {Gromov, M.},
	booktitle = {Geometric group theory, {V}ol. 2 ({S}ussex, 1991)},
	mrclass = {20F32 (57M07)},
	mrnumber = {1253544},
	pages = {1--295},
	series = {London Math. Soc. Lecture Note Ser.},
	title = {Asymptotic invariants of infinite groups},
	volume = {182},
	year = {1993}}

@book{gromov-MS,
	author = {Gromov, M.},
	edition = {English},
	isbn = {978-0-8176-4582-3; 0-8176-4582-9},
	mrclass = {53C23 (53-02)},
	mrnumber = {2307192},
	note = {Based on the 1981 French original, With appendices by M. Katz, P. Pansu and S. Semmes, Translated from the French by Sean Michael Bates},
	series = {Modern Birkh\"{a}user Classics},
	title = {Metric structures for {R}iemannian and non-{R}iemannian spaces},
	year = {2007}}

@article{gromov-polynomial-growth,
	author = {Gromov, M.},
	fjournal = {Institut des Hautes \'{E}tudes Scientifiques. Publications Math\'{e}matiques},
	issn = {0073-8301},
	journal = {Inst. Hautes \'{E}tudes Sci. Publ. Math.},
	mrclass = {53C20 (22E40 58F15)},
	mrnumber = {623534},
	mrreviewer = {J. A. Wolf},
	number = {53},
	pages = {53--73},
	title = {Groups of polynomial growth and expanding maps},
	url = {http://www.numdam.org/item?id=PMIHES_1981__53__53_0},
	year = {1981},
	bdsk-url-1 = {http://www.numdam.org/item?id=PMIHES_1981__53__53_0}}

@article{grove-petersen:finiteness,
	author = {Grove, K. and Petersen, P.},
	doi = {10.2307/1971439},
	fjournal = {Annals of Mathematics. Second Series},
	issn = {0003-486X},
	journal = {Ann. of Math. (2)},
	mrclass = {53C20 (53C21)},
	mrnumber = {951512},
	mrreviewer = {Hung-Hsi Wu},
	number = {1},
	pages = {195--206},
	title = {Bounding homotopy types by geometry},
	url = {https://doi.org/10.2307/1971439},
	volume = {128},
	year = {1988},
	bdsk-url-1 = {https://doi.org/10.2307/1971439}}

@article{grove-wilking,
	author = {Grove, K. and Wilking, B.},
	doi = {10.2140/gt.2014.18.3091},
	fjournal = {Geometry \& Topology},
	issn = {1465-3060},
	journal = {Geom. Topol.},
	mrclass = {53C24 (57M12 57M25 57M60)},
	mrnumber = {3285230},
	mrreviewer = {Martin Scharlemann},
	number = {5},
	pages = {3091--3110},
	title = {A knot characterization and 1-connected nonnegatively curved 4-manifolds with circle symmetry},
	url = {https://doi.org/10.2140/gt.2014.18.3091},
	volume = {18},
	year = {2014},
	bdsk-url-1 = {https://doi.org/10.2140/gt.2014.18.3091}}

@article{halbeisen,
	author = {Halbeisen, S.},
	doi = {10.1007/s002290070018},
	fjournal = {Manuscripta Mathematica},
	issn = {0025-2611},
	journal = {Manuscripta Math.},
	mrclass = {53C23 (53C45)},
	mrnumber = {1796313},
	mrreviewer = {Krishnan Shankar},
	number = {2},
	pages = {169--182},
	title = {On tangent cones of {A}lexandrov spaces with curvature bounded below},
	url = {https://doi.org/10.1007/s002290070018},
	volume = {103},
	year = {2000},
	bdsk-url-1 = {https://doi.org/10.1007/s002290070018}}

@book{hausdorff,
	author = {Hausdorff, F.},
	title = {Grundz\"{u}ge der {M}engenlehre},
	year = {1914}}

@book{heinonen,
	author = {Heinonen, J.},
	doi = {10.1007/978-1-4613-0131-8},
	isbn = {0-387-95104-0},
	mrclass = {30C65 (28A75 28A78 46E35)},
	mrnumber = {1800917},
	mrreviewer = {Christopher Bishop},
	series = {Universitext},
	title = {Lectures on analysis on metric spaces},
	url = {https://doi.org/10.1007/978-1-4613-0131-8},
	year = {2001},
	bdsk-url-1 = {https://doi.org/10.1007/978-1-4613-0131-8}}

@book{hurewicz-wallman,
	author = {Hurewicz, W. and Wallman, H.},
	mrclass = {56.0X},
	mrnumber = {0006493},
	mrreviewer = {H. Whitney},
	series = {Princeton Mathematical Series, v. 4},
	title = {Dimension {T}heory},
	year = {1941}}

@article{isbell,
	author = {Isbell, J. R.},
	doi = {10.1007/BF02566944},
	fjournal = {Commentarii Mathematici Helvetici},
	issn = {0010-2571},
	journal = {Comment. Math. Helv.},
	mrclass = {54.35},
	mrnumber = {182949},
	pages = {65--76},
	title = {Six theorems about injective metric spaces},
	url = {https://doi.org/10.1007/BF02566944},
	volume = {39},
	year = {1964},
	bdsk-url-1 = {https://doi.org/10.1007/BF02566944}}

@book{jost:book,
	author = {Jost, J.},
	doi = {10.1007/978-3-0348-8918-6},
	isbn = {3-7643-5736-3},
	mrclass = {53C21 (58E20)},
	mrnumber = {1451625},
	mrreviewer = {Raul Quiroga-Barranco},
	series = {Lectures in Mathematics ETH Z\"{u}rich},
	title = {Nonpositive curvature: geometric and analytic aspects},
	url = {https://doi.org/10.1007/978-3-0348-8918-6},
	year = {1997},
	bdsk-url-1 = {https://doi.org/10.1007/978-3-0348-8918-6}}

@article{kirchheim,
	author = {Kirchheim, B.},
	doi = {10.2307/2160371},
	fjournal = {Proceedings of the American Mathematical Society},
	issn = {0002-9939},
	journal = {Proc. Amer. Math. Soc.},
	mrclass = {28A78},
	mrnumber = {1189747},
	mrreviewer = {G. Freilich},
	number = {1},
	pages = {113--123},
	title = {Rectifiable metric spaces: local structure and regularity of the {H}ausdorff measure},
	url = {https://doi.org/10.2307/2160371},
	volume = {121},
	year = {1994},
	bdsk-url-1 = {https://doi.org/10.2307/2160371}}

@book{heinonen-koskela-shanmugalingam-tyson,
	author = {Heinonen, J. and Koskela, P. and Shanmugalingam, N. and Tyson, J.},
	doi = {10.1017/CBO9781316135914},
	isbn = {978-1-107-09234-1},
	mrclass = {30-02 (30L05 30L10 31E05 46E35)},
	mrnumber = {3363168},
	mrreviewer = {David Matthew Freeman},
	note = {An approach based on upper gradients},
	series = {New Mathematical Monographs},
	title = {Sobolev spaces on metric measure spaces},
	url = {https://doi.org/10.1017/CBO9781316135914},
	volume = {27},
	year = {2015},
	bdsk-url-1 = {https://doi.org/10.1017/CBO9781316135914}}

@article{hsiang-kleiner,
	author = {Hsiang, W.-Y. and Kleiner, B.},
	fjournal = {Journal of Differential Geometry},
	issn = {0022-040X},
	journal = {J. Differential Geom.},
	mrclass = {53C20 (57R99)},
	mrnumber = {992332},
	mrreviewer = {Sheila Carter},
	number = {3},
	pages = {615--621},
	title = {On the topology of positively curved {$4$}-manifolds with symmetry},
	url = {http://projecteuclid.org/euclid.jdg/1214443064},
	volume = {29},
	year = {1989},
	bdsk-url-1 = {http://projecteuclid.org/euclid.jdg/1214443064}}

@article{kleiner,
	author = {Kleiner, B.},
	doi = {10.1007/PL00004738},
	fjournal = {Mathematische Zeitschrift},
	issn = {0025-5874},
	journal = {Math. Z.},
	mrclass = {53C23 (57M50)},
	mrnumber = {1704987},
	mrreviewer = {Raul Quiroga-Barranco},
	number = {3},
	pages = {409--456},
	title = {The local structure of length spaces with curvature bounded above},
	url = {https://doi.org/10.1007/PL00004738},
	volume = {231},
	year = {1999},
	bdsk-url-1 = {https://doi.org/10.1007/PL00004738}}

@article{kleiner-leeb,
	author = {Kleiner, B. and Leeb, B.},
	fjournal = {Institut des Hautes \'{E}tudes Scientifiques. Publications Math\'{e}matiques},
	issn = {0073-8301},
	journal = {Inst. Hautes \'{E}tudes Sci. Publ. Math.},
	mrclass = {53C35 (20E42 20F32 53C23 57M07)},
	mrnumber = {1608566},
	mrreviewer = {Lee Mosher},
	number = {86},
	pages = {115--197 (1998)},
	title = {Rigidity of quasi-isometries for symmetric spaces and {E}uclidean buildings},
	url = {http://www.numdam.org/item?id=PMIHES_1997__86__115_0},
	year = {1997},
	bdsk-url-1 = {http://www.numdam.org/item?id=PMIHES_1997__86__115_0}}

@article{lytchak-petrunin-2020,
	author = {Lytchak, A. and Petrunin, A.},
	doi = {10.1090/proc/15268},
	fjournal = {Proceedings of the American Mathematical Society},
	issn = {0002-9939},
	journal = {Proc. Amer. Math. Soc.},
	mrclass = {53C23 (53C20)},
	mrnumber = {4211878},
	mrreviewer = {Vasyl Gorkavyy},
	number = {3},
	pages = {1247--1257},
	title = {Short retractions of {CAT}(1) spaces},
	url = {https://doi.org/10.1090/proc/15268},
	volume = {149},
	year = {2021},
	bdsk-url-1 = {https://doi.org/10.1090/proc/15268}}

@article{mayer,
	author = {Mayer, U.},
	doi = {10.4310/CAG.1998.v6.n2.a1},
	fjournal = {Communications in Analysis and Geometry},
	issn = {1019-8385},
	journal = {Comm. Anal. Geom.},
	mrclass = {58E20 (53C21)},
	mrnumber = {1651416},
	mrreviewer = {Raul Quiroga-Barranco},
	number = {2},
	pages = {199--253},
	title = {Gradient flows on nonpositively curved metric spaces and harmonic maps},
	url = {https://doi.org/10.4310/CAG.1998.v6.n2.a1},
	volume = {6},
	year = {1998},
	bdsk-url-1 = {https://doi.org/10.4310/CAG.1998.v6.n2.a1}}

@incollection{jost,
	author = {Jost, J.},
	booktitle = {New directions in {D}irichlet forms},
	mrclass = {31C25},
	mrnumber = {1652278},
	mrreviewer = {Zhongmin Qian},
	pages = {1--47},
	series = {AMS/IP Stud. Adv. Math.},
	title = {Nonlinear {D}irichlet forms},
	volume = {8},
	year = {1998}}

@phdthesis{jun-thesis,
	author = {Jun, C.},
	isbn = {978-1303-15646-5},
	mrclass = {Thesis},
	mrnumber = {3167199},
	note = {Thesis (Ph.D.)--University of Illinois at Urbana-Champaign},
	title = {Pursuit-evasion and time-dependent gradient flow in singular spaces},
	url = {http://gateway.proquest.com/openurl?url_ver=Z39.88-2004&rft_val_fmt=info:ofi/fmt:kev:mtx:dissertation&res_dat=xri:pqm&rft_dat=xri:pqdiss:3570501},
	year = {2012},
	bdsk-url-1 = {http://gateway.proquest.com/openurl?url_ver=Z39.88-2004&rft_val_fmt=info:ofi/fmt:kev:mtx:dissertation&res_dat=xri:pqm&rft_dat=xri:pqdiss:3570501}}

@online{jun:grad,
	archiveprefix = {arXiv},
	author = {Jun, C.},
	eprint = {1801.04583},
	primaryclass = {math.MG},
	title = {Time-dependent gradient curves on CAT(0) spaces}}

@incollection{katetov,
	author = {Kat{\v e}tov, M.},
	booktitle = {General topology and its relations to modern analysis and algebra, {VI} ({P}rague, 1986)},
	mrclass = {54E35 (54A25 54E40)},
	mrnumber = {952617},
	mrreviewer = {Stoyan Nedev},
	pages = {323--330},
	publisher = {Heldermann, Berlin},
	series = {Res. Exp. Math.},
	title = {On universal metric spaces},
	volume = {16},
	year = {1988}}

@incollection{kopecka-reich,
	author = {Kopeck\'{a}, E. and Reich, S.},
	booktitle = {Fixed point theory and its applications},
	doi = {10.4064/bc77-0-12},
	mrclass = {46B20 (46B50 47H09)},
	mrnumber = {2338582},
	mrreviewer = {Tom\'{a}s Dom\'{i}nguez Benavides},
	pages = {161--174},
	series = {Banach Center Publ.},
	title = {Nonexpansive retracts in {B}anach spaces},
	url = {https://doi.org/10.4064/bc77-0-12},
	volume = {77},
	year = {2007},
	bdsk-url-1 = {https://doi.org/10.4064/bc77-0-12}}

@article{lang-schroeder,
	author = {Lang, U. and Schroeder, V.},
	doi = {10.1007/s000390050018},
	fjournal = {Geometric and Functional Analysis},
	issn = {1016-443X},
	journal = {Geom. Funct. Anal.},
	mrclass = {53C23},
	mrnumber = {1466337},
	mrreviewer = {Zhongmin Shen},
	number = {3},
	pages = {535--560},
	title = {Kirszbraun's theorem and metric spaces of bounded curvature},
	url = {https://doi.org/10.1007/s000390050018},
	volume = {7},
	year = {1997},
	bdsk-url-1 = {https://doi.org/10.1007/s000390050018}}

@article{lang-schroeder:globalization,
	author = {Lang, U. and Schroeder, V.},
	doi = {10.4171/LEM/59-3-6},
	fjournal = {L'Enseignement Math\'{e}matique},
	issn = {0013-8584},
	journal = {Enseign. Math.},
	mrclass = {53C23 (53C20)},
	mrnumber = {3189039},
	mrreviewer = {Joseph E. Borzellino},
	number = {3-4},
	pages = {325--336},
	title = {On {T}oponogov's comparison theorem for {A}lexandrov spaces},
	url = {https://doi.org/10.4171/LEM/59-3-6},
	volume = {59},
	year = {2013},
	bdsk-url-1 = {https://doi.org/10.4171/LEM/59-3-6}}

@article{lebedeva-petrunin,
	author = {Lebedeva, N. and Petrunin, A.},
	doi = {10.3934/era.2010.17.122},
	fjournal = {Electronic Research Announcements in Mathematical Sciences},
	issn = {1935-9179},
	journal = {Electron. Res. Announc. Math. Sci.},
	mrclass = {53C45 (51K10)},
	mrnumber = {2735031},
	mrreviewer = {Koichi Nagano},
	pages = {122--124},
	title = {Curvature bounded below: a definition a la {B}erg--{N}ikolaev},
	url = {https://doi.org/10.3934/era.2010.17.122},
	volume = {17},
	year = {2010},
	bdsk-url-1 = {https://doi.org/10.3934/era.2010.17.122}}

@article{lebedeva-petrunin-poly,
	author = {Lebedeva, N. and Petrunin, A.},
	doi = {10.1007/s10711-015-0072-x},
	fjournal = {Geometriae Dedicata},
	issn = {0046-5755},
	journal = {Geom. Dedicata},
	mrclass = {53C23},
	mrnumber = {3424662},
	mrreviewer = {Vladimir S. Matveev},
	pages = {161--168},
	title = {Local characterization of polyhedral spaces},
	url = {https://doi.org/10.1007/s10711-015-0072-x},
	volume = {179},
	year = {2015},
	bdsk-url-1 = {https://doi.org/10.1007/s10711-015-0072-x}}

@article{lebedeva-petrunin:toyoda,
	author = {Lebedeva, N. and Petrunin, A.},
	doi = {10.1515/agms-2020-0126},
	fjournal = {Analysis and Geometry in Metric Spaces},
	journal = {Anal. Geom. Metr. Spaces},
	mrclass = {53C23 (51F99)},
	mrnumber = {4298102},
	number = {1},
	pages = {160--166},
	title = {5-point {CAT(0)} spaces after {T}etsu {T}oyoda},
	url = {https://doi.org/10.1515/agms-2020-0126},
	volume = {9},
	year = {2021},
	bdsk-url-1 = {https://doi.org/10.1515/agms-2020-0126}}

@article{lebedeva-petrunin-zolotov,
	author = {Lebedeva, N. and Petrunin, A. and Zolotov, V.},
	doi = {10.1007/s00039-019-00481-9},
	fjournal = {Geometric and Functional Analysis},
	issn = {1016-443X},
	journal = {Geom. Funct. Anal.},
	mrclass = {53C23},
	mrnumber = {3925110},
	mrreviewer = {Nan Li},
	number = {1},
	pages = {258--282},
	title = {Bipolar comparison},
	url = {https://doi.org/10.1007/s00039-019-00481-9},
	volume = {29},
	year = {2019},
	bdsk-url-1 = {https://doi.org/10.1007/s00039-019-00481-9}}

@article{lytchak:diff,
	author = {Lytchak, A.},
	doi = {10.1090/S1061-0022-05-00888-5},
	issn = {0234-0852},
	journal = {St. Petersburg Math. J.},
	mrclass = {53C20 (53C23 54E35)},
	mrnumber = {2117451},
	mrreviewer = {Koichi Nagano},
	number = {6},
	pages = {1017--1041},
	title = {Differentiation in metric spaces},
	url = {https://doi.org/10.1090/S1061-0022-05-00888-5},
	volume = {16},
	year = {2005},
	bdsk-url-1 = {https://doi.org/10.1090/S1061-0022-05-00888-5}}

@article{lytchak:open-map,
	author = {Lytchak, A.},
	doi = {10.1090/S1061-0022-06-00916-2},
	issn = {0234-0852},
	journal = {St. Petersburg Math. J.},
	mrclass = {53C23 (49J53 53C20)},
	mrnumber = {2167848},
	mrreviewer = {Koichi Nagano},
	number = {3},
	pages = {477--491},
	title = {Open map theorem for metric spaces},
	url = {https://doi.org/10.1090/S1061-0022-06-00916-2},
	volume = {17},
	year = {2006},
	bdsk-url-1 = {https://doi.org/10.1090/S1061-0022-06-00916-2}}

@article{margulis-mostow,
	author = {Margulis, G. A. and Mostow, G. D.},
	doi = {10.1007/BF02791539},
	fjournal = {Journal d'Analyse Math\'{e}matique},
	issn = {0021-7670},
	journal = {J. Anal. Math.},
	mrclass = {53C17},
	mrnumber = {1771529},
	mrreviewer = {A. Kor\'{a}nyi},
	pages = {299--317},
	title = {Some remarks on the definition of tangent cones in a {C}arnot-{C}arath\'{e}odory space},
	url = {https://doi.org/10.1007/BF02791539},
	volume = {80},
	year = {2000},
	bdsk-url-1 = {https://doi.org/10.1007/BF02791539}}

@article{mielke-rossi-savare,
	author = {Mielke, A. and Rossi, R. and Savar\'{e}, G.},
	doi = {10.1007/s00526-011-0482-z},
	fjournal = {Calculus of Variations and Partial Differential Equations},
	issn = {0944-2669},
	journal = {Calc. Var. Partial Differential Equations},
	mrclass = {35A15 (35K86 49Q20)},
	mrnumber = {3016509},
	mrreviewer = {Mohameden Sidi El Vally},
	number = {1-2},
	pages = {253--310},
	title = {Nonsmooth analysis of doubly nonlinear evolution equations},
	url = {https://doi.org/10.1007/s00526-011-0482-z},
	volume = {46},
	year = {2013},
	bdsk-url-1 = {https://doi.org/10.1007/s00526-011-0482-z}}

@article{monod,
	author = {Monod, N.},
	doi = {10.1090/S0894-0347-06-00525-X},
	fjournal = {Journal of the American Mathematical Society},
	issn = {0894-0347},
	journal = {J. Amer. Math. Soc.},
	mrclass = {22F05 (20F65 22E40 53C24)},
	mrnumber = {2219304},
	mrreviewer = {David Michael Fisher},
	number = {4},
	pages = {781--814},
	title = {Superrigidity for irreducible lattices and geometric splitting},
	url = {https://doi.org/10.1090/S0894-0347-06-00525-X},
	volume = {19},
	year = {2006},
	bdsk-url-1 = {https://doi.org/10.1090/S0894-0347-06-00525-X}}

@book{nagata,
	author = {Nagata, J.},
	edition = {Revised},
	isbn = {3-88538-002-1},
	mrclass = {54F45},
	mrnumber = {715431},
	series = {Sigma Series in Pure Mathematics},
	title = {Modern dimension theory},
	volume = {2},
	year = {1983}}

@book{phelps,
	author = {Phelps, R.},
	edition = {Second},
	isbn = {3-540-56715-1},
	mrclass = {46Gxx (46B20 46N10 47H99 47N10 49J15)},
	mrnumber = {1238715},
	series = {Lecture Notes in Mathematics},
	title = {Convex functions, monotone operators and differentiability},
	volume = {1364},
	year = {1993}}

@article{ohta,
	author = {Ohta, S.},
	doi = {10.1353/ajm.0.0048},
	fjournal = {American Journal of Mathematics},
	issn = {0002-9327},
	journal = {Amer. J. Math.},
	mrclass = {53C23 (49Q20)},
	mrnumber = {2503990},
	mrreviewer = {C\'{e}dric Villani},
	number = {2},
	pages = {475--516},
	title = {Gradient flows on {W}asserstein spaces over compact {A}lexandrov spaces},
	url = {https://doi.org/10.1353/ajm.0.0048},
	volume = {131},
	year = {2009},
	bdsk-url-1 = {https://doi.org/10.1353/ajm.0.0048}}

@article{panov-petrunin,
	author = {Panov, D. and Petrunin, A.},
	doi = {10.1112/S0010437X16007648},
	fjournal = {Compositio Mathematica},
	issn = {0010-437X},
	journal = {Compos. Math.},
	mrclass = {53C23 (52C35 57N65)},
	mrnumber = {3594282},
	mrreviewer = {Alexander O. Ivanov},
	number = {12},
	pages = {2443--2460},
	title = {Ramification conjecture and {H}irzebruch's property of line arrangements},
	url = {https://doi.org/10.1112/S0010437X16007648},
	volume = {152},
	year = {2016},
	bdsk-url-1 = {https://doi.org/10.1112/S0010437X16007648}}

@article{perelman:morse,
	author = {Perelman, G. Ya.},
	issn = {0234-0852},
	journal = {St. Petersburg Math. J.},
	mrclass = {53C23 (57N80 58E05)},
	mrnumber = {1220498},
	mrreviewer = {Tadeusz Januszkiewicz},
	number = {1},
	pages = {205--213},
	title = {Elements of {M}orse theory on {A}leksandrov spaces},
	volume = {5},
	year = {1994}}

@article{petrunin:optimal,
	author = {Petrunin, A.},
	fjournal = {M{\"u}nster Journal of Mathematics},
	issn = {1867-5778},
	journal = {M{\"u}nster J. Math.},
	mrclass = {53C23},
	mrnumber = {2869253},
	mrreviewer = {Asuka Takatsu},
	pages = {53--64},
	title = {Alexandrov meets {L}ott-{V}illani-{S}turm},
	volume = {4},
	year = {2011}}

@article{petrunin:globalization,
	author = {Petrunin, A.},
	doi = {10.1007/s00208-015-1295-8},
	fjournal = {Mathematische Annalen},
	issn = {0025-5831},
	journal = {Math. Ann.},
	mrclass = {53C23 (53C22)},
	mrnumber = {3552243},
	mrreviewer = {Pavel D. Andreev},
	number = {1-2},
	pages = {387--393},
	title = {A globalization for non-complete but geodesic spaces},
	url = {https://doi.org/10.1007/s00208-015-1295-8},
	volume = {366},
	year = {2016},
	bdsk-url-1 = {https://doi.org/10.1007/s00208-015-1295-8}}

@incollection{petrunin:survey,
	author = {Petrunin, A.},
	booktitle = {Surveys in differential geometry. {V}ol. {XI}},
	doi = {10.4310/SDG.2006.v11.n1.a6},
	mrclass = {53C21 (53C20 53C45 58E05)},
	mrnumber = {2408266},
	mrreviewer = {Jeremy Wong},
	pages = {137--201},
	series = {Surv. Differ. Geom.},
	title = {Semiconcave functions in {A}lexandrov's geometry},
	url = {https://doi.org/10.4310/SDG.2006.v11.n1.a6},
	volume = {11},
	year = {2007},
	bdsk-url-1 = {https://doi.org/10.4310/SDG.2006.v11.n1.a6}}

@misc{petrunin2020,
	archiveprefix = {arXiv},
	author = {Petrunin, A.},
	eprint = {2010.10040},
	primaryclass = {math.DG},
	title = {Metric geometry on manifolds: two lectures},
	year = {2020}}

@misc{petrunin2020pure,
	archiveprefix = {arXiv},
	author = {A. Petrunin},
	eprint = {2007.09846},
	primaryclass = {math.MG},
	title = {Pure metric geometry: introductory lectures},
	year = {2020}}

@article{petrunin-stadler,
	author = {Petrunin, A. and Stadler, S.},
	doi = {10.2140/gt.2019.23.3111},
	fjournal = {Geometry \& Topology},
	issn = {1465-3060},
	journal = {Geom. Topol.},
	mrclass = {53C23 (30L05 53C43 53C45)},
	mrnumber = {4039186},
	mrreviewer = {Fumiko Ohtsuka},
	number = {6},
	pages = {3111--3139},
	title = {Metric-minimizing surfaces revisited},
	url = {https://doi.org/10.2140/gt.2019.23.3111},
	volume = {23},
	year = {2019},
	bdsk-url-1 = {https://doi.org/10.2140/gt.2019.23.3111}}

@article{pizzetti,
	author = {Pizzetti, P.},
	journal = {Atti della Reale Accademia dei Lincei, Rendiconti (5). Classe di Scienze Fisiche, Matematiche e Naturali},
	number = {1},
	pages = {6--11},
	title = {Paragone fra due triangoli a lati uguali},
	volume = {16},
	year = {1907}}

@misc{plaut-preprint,
	author = {Plaut, C.},
	howpublished = {MPIM Preprints},
	title = {Toponogov's theorem for metric spaces II},
	year = {1990}}

@article{plaut:dimension,
	author = {Plaut, C.},
	doi = {10.1007/BF02921569},
	fjournal = {The Journal of Geometric Analysis},
	issn = {1050-6926},
	journal = {J. Geom. Anal.},
	mrclass = {53C23 (53C20)},
	mrnumber = {1402389},
	mrreviewer = {Zhongmin Shen},
	number = {1},
	pages = {113--134},
	title = {Spaces of {W}ald curvature bounded below},
	url = {https://doi.org/10.1007/BF02921569},
	volume = {6},
	year = {1996},
	bdsk-url-1 = {https://doi.org/10.1007/BF02921569}}

@incollection{plaut:survey,
	author = {Plaut, C.},
	booktitle = {Handbook of geometric topology},
	mrclass = {53C23},
	mrnumber = {1886682},
	mrreviewer = {S\'{e}rgio J. Mendon\c{c}a},
	pages = {819--898},
	title = {Metric spaces of curvature {$\geq k$}},
	year = {2002}}

@article{pontyagin-surface,
	author = {L. {Pontrjagin}},
	fjournal = {{Comptes Rendus Hebdomadaires des S\'eances de l'Acad\'emie des Sciences, Paris}},
	issn = {0001-4036},
	journal = {{C. R. Acad. Sci., Paris}},
	language = {French},
	pages = {1105--1107},
	title = {{Sur une hypoth\`ese fondamentale de la th\'eorie de la dimension.}},
	volume = {190},
	year = {1930},
	zbl = {56.0503.01}}

@book{rinow,
	author = {Rinow, W.},
	mrclass = {52.50},
	mrnumber = {0123969},
	mrreviewer = {L. M. Blumenthal},
	series = {Die Grundlehren der mathematischen Wissenschaften, Bd. 105},
	title = {Die innere {G}eometrie der metrischen {R}\"{a}ume},
	year = {1961}}

@article{reshetnyak:major,
	author = {Reshetnyak, Yu. G.},
	journal = {Siberian Mathematical Journal},
	number = {4},
	pages = {683--689},
	title = {Inextensible mappings in a space of curvature no greater than {$K$}},
	volume = {9},
	year = {1968}}

@article{rudin,
	author = {Rudin, W.},
	fjournal = {Duke Mathematical Journal},
	issn = {0012-7094},
	journal = {Duke Math. J.},
	mrclass = {54.0X},
	mrnumber = {0080902},
	mrreviewer = {L. Gillman},
	pages = {409--419},
	title = {Homogeneity problems in the theory of \v{C}ech compactifications},
	url = {http://projecteuclid.org/euclid.dmj/1077466953},
	volume = {23},
	year = {1956},
	bdsk-url-1 = {http://projecteuclid.org/euclid.dmj/1077466953}}

@article{sabitov,
	author = {Sabitov, I. Kh.},
	journal = {Siberian Math. J.},
	number = {4},
	pages = {740----762},
	title = {Around the proof of the {L}egendre--{C}auchy lemma on convex polygons},
	volume = {45},
	year = {2004}}

@article{sevare,
	author = {Savar\'{e}, G.},
	doi = {10.1016/j.crma.2007.06.018},
	fjournal = {Comptes Rendus Math\'{e}matique. Acad\'{e}mie des Sciences. Paris},
	issn = {1631-073X},
	journal = {C. R. Math. Acad. Sci. Paris},
	mrclass = {49Q20},
	mrnumber = {2344814},
	number = {3},
	pages = {151--154},
	title = {Gradient flows and diffusion semigroups in metric spaces under lower curvature bounds},
	url = {https://doi.org/10.1016/j.crma.2007.06.018},
	volume = {345},
	year = {2007},
	bdsk-url-1 = {https://doi.org/10.1016/j.crma.2007.06.018}}

@book{shiohama,
	author = {Shiohama, K.},
	mrclass = {53C23},
	mrnumber = {1320267},
	mrreviewer = {Conrad Plaut},
	series = {Lecture Notes Series},
	title = {An introduction to the geometry of {A}lexandrov spaces},
	volume = {8},
	year = {1993}}

@article{stadler,
	author = {Stadler, S.},
	doi = {10.4171/jems/1075},
	fjournal = {Journal of the European Mathematical Society (JEMS)},
	issn = {1435-9855},
	journal = {J. Eur. Math. Soc. (JEMS)},
	mrclass = {53C23 (53A10 53C20)},
	mrnumber = {4310811},
	number = {11},
	pages = {3521--3554},
	title = {The structure of minimal surfaces in {CAT}(0) spaces},
	url = {https://doi.org/10.4171/jems/1075},
	volume = {23},
	year = {2021},
	bdsk-url-1 = {https://doi.org/10.4171/jems/1075}}

@article{sturm,
	author = {Sturm, K. T.},
	fjournal = {Expositiones Mathematicae. International Journal},
	issn = {0723-0869},
	journal = {Exposition. Math.},
	mrclass = {53C23},
	mrnumber = {1687468},
	mrreviewer = {Igor Belegradek},
	number = {1},
	pages = {35--47},
	title = {Metric spaces of lower bounded curvature},
	volume = {17},
	year = {1999}}

@article{toyoda,
	author = {Toyoda, T.},
	doi = {10.1515/agms-2020-0111},
	fjournal = {Analysis and Geometry in Metric Spaces},
	journal = {Anal. Geom. Metr. Spaces},
	mrclass = {53C23 (51F30)},
	mrnumber = {4141370},
	mrreviewer = {Bo\.{z}ena Pi\polhk atek},
	number = {1},
	pages = {114--165},
	title = {An intrinsic characterization of five points in a {${\rm CAT}(0)$} space},
	url = {https://doi.org/10.1515/agms-2020-0111},
	volume = {8},
	year = {2020},
	bdsk-url-1 = {https://doi.org/10.1515/agms-2020-0111}}

@book{villani,
	author = {Villani, C.},
	doi = {10.1007/978-3-540-71050-9},
	isbn = {978-3-540-71049-3},
	mrclass = {49-02 (28A75 37J50 49Q20 53C23 58E30)},
	mrnumber = {2459454},
	mrreviewer = {Dario Cordero-Erausquin},
	note = {Old and new},
	series = {Grundlehren der Mathematischen Wissenschaften [Fundamental Principles of Mathematical Sciences]},
	title = {Optimal transport},
	url = {https://doi.org/10.1007/978-3-540-71050-9},
	volume = {338},
	year = {2009},
	bdsk-url-1 = {https://doi.org/10.1007/978-3-540-71050-9}}

@article{wijsman,
	author = {Wijsman, R. A.},
	doi = {10.2307/1994611},
	fjournal = {Transactions of the American Mathematical Society},
	issn = {0002-9947},
	journal = {Trans. Amer. Math. Soc.},
	mrclass = {52.30},
	mrnumber = {0196599},
	mrreviewer = {Z. Frol\'{\i}k},
	pages = {32--45},
	title = {Convergence of sequences of convex sets, cones and functions. {II}},
	url = {https://doi.org/10.2307/1994611},
	volume = {123},
	year = {1966},
	bdsk-url-1 = {https://doi.org/10.2307/1994611}}

@article{yamaguchi-fibration,
	author = {Yamaguchi, T.},
	doi = {10.2307/2944340},
	fjournal = {Annals of Mathematics. Second Series},
	issn = {0003-486X},
	journal = {Ann. of Math. (2)},
	mrclass = {53C23},
	mrnumber = {1097241},
	mrreviewer = {Viktor Schroeder},
	number = {2},
	pages = {317--357},
	title = {Collapsing and pinching under a lower curvature bound},
	url = {https://doi.org/10.2307/2944340},
	volume = {133},
	year = {1991},
	bdsk-url-1 = {https://doi.org/10.2307/2944340}}

@article{zajicek,
	author = {Zaj\'{\i}\v{c}ek, L.},
	fjournal = {\v{C}ehoslovackaja Akademija Nauk. \v{C}ehoslovacki\u{\i} Matemati\v{c}eski\u{\i} \v{Z}urnal. Czechoslovak Mathematical Journal},
	issn = {0011-4642},
	journal = {Czechoslovak Math. J.},
	mrclass = {46G05 (26A27 52A05)},
	mrnumber = {536060},
	mrreviewer = {Jean-Paul Penot},
	number = {3},
	pages = {340--348},
	title = {On the differentiation of convex functions in finite and infinite dimensional spaces},
	volume = {29(104)},
	year = {1979}}

@book{aleksandrov-zalgaller,
	addendum = {Translated from the Russian by J. M. Danskin. Translations of Mathematical Monographs, Vol. 15},
	author = {Aleksandrov, A. D. and Zalgaller, V. A.},
	mrclass = {53.75},
	mrnumber = {0216434},
	title = {Intrinsic geometry of surfaces},
	year = {1967}}

@misc{lebedeva-petrunin:5CBB,
	archiveprefix = {arXiv},
	author = {Lebedeva, N. and Petrunin, A.},
	eprint = {2202.13049},
	primaryclass = {math.DG},
	title = {5-point Toponogov theorem},
	year = {2022}}

@misc{bilokopytov,
	author = {Bilokopytov, E.},
	howpublished = {MathOverflow},
	note = {URL:https://mathoverflow.net/q/359390 (version: 2020-05-05)},
	title = {Is it possible to connect every compact set?},
	url = {https://mathoverflow.net/q/359390},
	bdsk-url-1 = {https://mathoverflow.net/q/359390}}

@misc{ivanov:local-global-convexity,
	author = {S. Ivanov},
	eprint = {https://mathoverflow.net/q/22091},
	howpublished = {MathOverflow},
	note = {(version: 2012-06-09)},
	title = {To what extent is convexity a local property?},
	url = {https://mathoverflow.net/q/22091},
	bdsk-url-1 = {https://mathoverflow.net/q/22091}}

@misc{nazarov,
	author = {Nazarov, F.},
	eprint = {http://mathoverflow.net/q/15720},
	howpublished = {MathOverflow},
	note = {(version: 2010-02-18)},
	title = {Intrinsic metric with no geodesics},
	url = {http://mathoverflow.net/q/15720},
	bdsk-url-1 = {http://mathoverflow.net/q/15720}}

@misc{perelman-petrunin:qg,
	author = {Perelman, G. and Petrunin, A.},
	eprint = {http://www.math.psu.edu/petrunin/},
	title = {Quasigeodesics and Gradient curves in Alexandrov spaces}}

@book{petrunin:qg,
	author = {Petrunin, Anton},
	mrclass = {Thesis},
	mrnumber = {2693118},
	note = {Thesis (Ph.D.)--University of Illinois at Urbana-Champaign},
	pages = {92},
	publisher = {ProQuest LLC, Ann Arbor, MI},
	title = {Quasigeodesics in multidimensional {A}lexandrov spaces},
	url = {http://gateway.proquest.com/openurl?url_ver=Z39.88-2004&rft_val_fmt=info:ofi/fmt:kev:mtx:dissertation&res_dat=xri:pqdiss&rft_dat=xri:pqdiss:9543694},
	year = {1995},
	bdsk-url-1 = {http://gateway.proquest.com/openurl?url_ver=Z39.88-2004&rft_val_fmt=info:ofi/fmt:kev:mtx:dissertation&res_dat=xri:pqdiss&rft_dat=xri:pqdiss:9543694}}

@misc{perelman:spaces2,
	author = {Perelman, G.},
	eprint = {http://www.math.psu.edu/petrunin/},
	howpublished = {Preprint LOMI, 1991. 35pp.},
	title = {Alexandrov paces with curvature bounded from below II.}}

@article{sato,
	author = {Sato, T.},
	doi = {10.1007/s00013-009-0057-9},
	fjournal = {Archiv der Mathematik},
	issn = {0003-889X},
	journal = {Arch. Math. (Basel)},
	mrclass = {53C23 (20F55)},
	mrnumber = {2563595},
	mrreviewer = {Kim E. Ruane},
	number = {5},
	pages = {487--490},
	title = {An alternative proof of {B}erg and {N}ikolaev's characterization of {$\rm CAT(0)$}-spaces via quadrilateral inequality},
	url = {https://doi.org/10.1007/s00013-009-0057-9},
	volume = {93},
	year = {2009},
	bdsk-url-1 = {https://doi.org/10.1007/s00013-009-0057-9}}

@online{solovay,
	author = {Solovay, R. M.},
	title = {Maps preserving measures},
	url = {https://math.berkeley.edu/~solovay/Preprints/Rudin_Keisler.pdf},
	year = {2011},
	bdsk-url-1 = {https://math.berkeley.edu/~solovay/Preprints/Rudin_Keisler.pdf}}

@misc{blass,
	author = {A. Blass},
	eprint = {https://mathoverflow.net/q/324261},
	howpublished = {MathOverflow},
	title = {Selective ultrafilter and bijective mapping},
	url = {https://mathoverflow.net/q/324261},
	bdsk-url-1 = {https://mathoverflow.net/q/324261}}
